<marcxml:record xmlns:marcxml="http://www.loc.gov/MARC21/slim" xmlns:mets="http://www.loc.gov/METS/" xmlns:bf="http://id.loc.gov/ontologies/bibframe/" xmlns:bflc="http://id.loc.gov/ontologies/bflc/" xmlns:madsrdf="http://www.loc.gov/mads/rdf/v1#" xmlns:rdf="http://www.w3.org/1999/02/22-rdf-syntax-ns#" xmlns:ri="http://id.loc.gov/ontologies/RecordInfo#" xmlns:idx="info:lc/xq-modules/lcindex" xmlns:semtriples="http://marklogic.com/semantic" xmlns:xsi="http://www.w3.org/2001/XMLSchema-instance" xmlns:xlink="http://www.w3.org/1999/xlink" xmlns:streams="info:lc/streams#">
  <marcxml:leader>01804cam a22002657a 4500</marcxml:leader>
  <marcxml:controlfield tag="001">17275292</marcxml:controlfield>
  <marcxml:controlfield tag="005">20130905160619.0</marcxml:controlfield>
  <marcxml:controlfield tag="008">120427s2009    txu    j      000 0 eng  </marcxml:controlfield>
  <marcxml:datafield tag="906" ind1=" " ind2=" ">
    <marcxml:subfield code="a">7</marcxml:subfield>
    <marcxml:subfield code="b">cbc</marcxml:subfield>
    <marcxml:subfield code="c">origres</marcxml:subfield>
    <marcxml:subfield code="d">4</marcxml:subfield>
    <marcxml:subfield code="e">ncip</marcxml:subfield>
    <marcxml:subfield code="f">20</marcxml:subfield>
    <marcxml:subfield code="g">y-gencatlg</marcxml:subfield>
  </marcxml:datafield>
  <marcxml:datafield tag="925" ind1="0" ind2=" ">
    <marcxml:subfield code="a">acquire</marcxml:subfield>
    <marcxml:subfield code="b">1 shelf copy</marcxml:subfield>
    <marcxml:subfield code="x">policy default</marcxml:subfield>
  </marcxml:datafield>
  <marcxml:datafield tag="955" ind1=" " ind2=" ">
    <marcxml:subfield code="b">xe09 2012-04-27 z-processor 2 copies to USGEN</marcxml:subfield>
    <marcxml:subfield code="h">xk06 2013-09-05 to shelf</marcxml:subfield>
    <marcxml:subfield code="t">xk06 2013-09-05 copy 2 to discard</marcxml:subfield>
  </marcxml:datafield>
  <marcxml:datafield tag="010" ind1=" " ind2=" ">
    <marcxml:subfield code="a">  2011278125</marcxml:subfield>
  </marcxml:datafield>
  <marcxml:datafield tag="020" ind1=" " ind2=" ">
    <marcxml:subfield code="a">9781933771670 (pbk.)</marcxml:subfield>
  </marcxml:datafield>
  <marcxml:datafield tag="020" ind1=" " ind2=" ">
    <marcxml:subfield code="a">1933771674 (pbk.)</marcxml:subfield>
  </marcxml:datafield>
  <marcxml:datafield tag="040" ind1=" " ind2=" ">
    <marcxml:subfield code="a">DLC</marcxml:subfield>
    <marcxml:subfield code="c">DLC</marcxml:subfield>
  </marcxml:datafield>
  <marcxml:datafield tag="050" ind1="0" ind2="0">
    <marcxml:subfield code="a">MLCM 2013/42395 (P)</marcxml:subfield>
  </marcxml:datafield>
  <marcxml:datafield tag="245" ind1="0" ind2="0">
    <marcxml:subfield code="a">Flirtin' with the monster :</marcxml:subfield>
    <marcxml:subfield code="b">your favorite authors on Ellen Hopkins' Crank and Glass /</marcxml:subfield>
    <marcxml:subfield code="c">edited and original introduction by Ellen Hopkins ; with Leah Wilson.</marcxml:subfield>
  </marcxml:datafield>
  <marcxml:datafield tag="246" ind1="3" ind2=" ">
    <marcxml:subfield code="a">Flirting with the monster</marcxml:subfield>
  </marcxml:datafield>
  <marcxml:datafield tag="260" ind1=" " ind2=" ">
    <marcxml:subfield code="a">Dallas, TX :</marcxml:subfield>
    <marcxml:subfield code="b">Benbella Books ;</marcxml:subfield>
    <marcxml:subfield code="a">[Jackson, Tenn.] :</marcxml:subfield>
    <marcxml:subfield code="b">Distributed by Perseus Distribution,</marcxml:subfield>
    <marcxml:subfield code="c">c2009.</marcxml:subfield>
  </marcxml:datafield>
  <marcxml:datafield tag="300" ind1=" " ind2=" ">
    <marcxml:subfield code="a">vii, 180 p. ;</marcxml:subfield>
    <marcxml:subfield code="c">23 cm</marcxml:subfield>
  </marcxml:datafield>
  <marcxml:datafield tag="490" ind1="0" ind2=" ">
    <marcxml:subfield code="a">Smart pop series</marcxml:subfield>
  </marcxml:datafield>
  <marcxml:datafield tag="520" ind1=" " ind2=" ">
    <marcxml:subfield code="a">Presents articles critically analyzing the popular novels on teenage crystal meth addiction, and includes testimonials from the author's family members upon whom the characters in the novel were based.</marcxml:subfield>
  </marcxml:datafield>
  <marcxml:datafield tag="505" ind1="0" ind2=" ">
    <marcxml:subfield code="a">Introduction / Ellen Hopkins -- Role models / Niki Burnham -- More than just a broken line / Susan Hart Lindquist -- Love is an addiction / Megan Kelley Hall -- Why can't Kristina just quit / Mary Bryan -- A view from the bench / John Tatro -- Letting a loved one go / Gail Giles -- The secret's out / Terri Clark -- The importance of being between / Micol Ostow -- Reality-based memoir vs. non-fiction / Cinda Williams Chima -- Letting go / John Hopkins ("Scott") -- Best friend, stolen / Kelly Foutz ("Jake") -- Kristina speaks up / "Kristina" -- Choices / Orion Hopkins ("Hunter").</marcxml:subfield>
  </marcxml:datafield>
  <marcxml:datafield tag="700" ind1="1" ind2=" ">
    <marcxml:subfield code="a">Hopkins, Ellen.</marcxml:subfield>
  </marcxml:datafield>
  <marcxml:datafield tag="700" ind1="1" ind2=" ">
    <marcxml:subfield code="a">Wilson, Leah.</marcxml:subfield>
  </marcxml:datafield>
</marcxml:record>
